@book{gockel,
  author =      "Tilo Gockel",
  title =       {Form der wissenschaftlichen Ausarbeitung},
  publisher =   "Springer",
  address =     "Berlin, Heidelberg",
  year =        "2008",
  ISBN =        "978-3-540-78613-9",
}

@book{rechenberg,
  author =      "Peter Rechenberg", 
  title =       {Technisches Schreiben: (Nicht nur) f√ºr Informatiker},
  publisher =   "Hanser",
  address =     {M\"{u}nchen, Wien},
  year =        "2006",
  ISBN =        "978-3-446-40695-7"
}
