@book{gockel,
  author =      "Tilo Gockel",
  title =       {Form der wissenschaftlichen Ausarbeitung},
  publisher =   "Springer",
  address =     "Berlin, Heidelberg",
  year =        "2008",
  ISBN =        "978-3-540-78613-9",
}

@book{rechenberg,
  author =      "Peter Rechenberg", 
  title =       {Technisches Schreiben: (Nicht nur) f√ºr Informatiker},
  publisher =   "Hanser",
  address =     {M\"{u}nchen, Wien},
  year =        "2006",
  ISBN =        "978-3-446-40695-7"
}

@article{manna70,
 author = {Manna, Zohar and Pnueli, Amir},
 title = {Formalization of Properties of Functional Programs},
 journal = {J. ACM},
 volume = {17},
 issue = {3},
 month = {July},
 year = {1970},
 issn = {0004-5411},
 pages = {555--569},
 numpages = {15},
 acmid = {321606},
 publisher = {ACM},
 address = {New York, NY, USA},
}

@article{libsvm,
 author = {Chang, Chih-Chung and Lin, Chih-Jen},
 title = {{LIBSVM}: A library for support vector machines},
 journal = {ACM Transactions on Intelligent Systems and Technology},
 volume = {2},
 issue = {3},
 year = {2011},
 pages = {27:1--27:27},
 note =	 {Software available at \url{http://www.csie.ntu.edu.tw/~cjlin/libsvm}}
}

@misc{bibtexing,
  author = "Patashnik, Oren",
  title = "{BIBTEXing}",
  year = "1988" 
}